
@book{Schott2016,
  title={Matrix Analysis for Statistics},
  author={Schott, J.R.},
  isbn={9781119092483},
  lccn={2016000005},
  series={Wiley Series in Probability and Statistics},
  url={https://books.google.it/books?id=Y2PpCgAAQBAJ},
  year={2016},
  publisher={Wiley}
}


@article{Hotelling1933,
author = {{H. Hotelling}},
journal = {The Journal of Educational Psychology},
mendeley-groups = {Dispense-statistica},
pages = {417--441},
title = {{Analysis of a Complex of Statistical Variables into Principal Components}},
volume = {24},
year = {1933}
}
